@article{GP_tutorial, title={A tutorial on geometric programming}, volume={8}, DOI={10.1007/s11081-007-9001-7}, number={1}, journal={Optimization and Engineering}, author={Boyd, Stephen and Kim, Seung-Jean and Vandenberghe, Lieven and Hassibi, Arash}, year={2007}, month={Oct}, pages={67–127}}

@book{duffin_peterson_zener_1967, place={New York}, title={Geometric programming: theory and application}, publisher={Wiley}, author={Duffin, Richard James and Peterson, Elmor L. and Zener, Clarence}, year={1967}}

@article{zener_1961, title={A Mathematical Aid In Optimizing Engineering Designs}, volume={47}, DOI={10.1073/pnas.47.4.537}, number={4}, journal={Proceedings of the National Academy of Sciences}, author={Zener, C.}, year={1961}, month={Jan}, pages={537–539}} 

@article{ecker_wiebking_1980, title={Optimal Design of a Dry-Type Natural-Draft Cooling Tower by Geometric Programming}, DOI={10.1007/978-1-4615-8285-4_22}, journal={Advances in Geometric Programming}, author={Ecker, J. G. and Wiebking, R. D.}, year={1980}, pages={421–439}}

@article{morris_1972,
title = "Structural optimization by geometric programming ",
journal = "International Journal of Solids and Structures ",
volume = "8",
number = "7",
pages = "847 - 864",
year = "1972",
note = "",
issn = "0020-7683",
doi = "http://dx.doi.org/10.1016/0020-7683(72)90001-7",
url = "//www.sciencedirect.com/science/article/pii/0020768372900017",
author = "A.J. Morris"
}

@inproceedings{morris_1973,
  title={The optimisation of statically indeterminate structures by means of approximate geometric programming},
  author={Morris, AJ},
  booktitle={AGARD Second Symp. on Structural Optimization 17 p(SEE N 74-15596 06-32)},
  year={1973}
}

@article{morris_1975,
title = "A transformation for geometric programming applied to the minimum weight design of statically determinate structures",
journal = "International Journal of Mechanical Sciences",
volume = "17",
number = "6",
pages = "395 - 396",
year = "1975",
note = "",
issn = "0020-7403",
doi = "http://dx.doi.org/10.1016/0020-7403(75)90035-1",
url = "http://www.sciencedirect.com/science/article/pii/0020740375900351",
author = "A.J. Morris",
}

@article{balachandran_gensch_1976, title={Solving the “Marketing Mix” Problem Using Geometric Programming}, DOI={10.1007/978-3-642-51565-1_146}, journal={Lecture Notes in Economics and Mathematical Systems Mathematical Models in Marketing}, author={Balachandran, V. and Gensch, D. H.}, year={1976}, pages={479–481}}

@article {DECI:DECI193,
author = {KOCHENBERGER, GARY A.},
title = {INVENTORY MODELS: OPTIMIZATION BY GEOMETRIC PROGRAMMING},
journal = {Decision Sciences},
volume = {2},
number = {2},
publisher = {Blackwell Publishing Ltd},
issn = {1540-5915},
url = {http://dx.doi.org/10.1111/j.1540-5915.1971.tb01454.x},
doi = {10.1111/j.1540-5915.1971.tb01454.x},
pages = {193--205},
year = {1971},
}

@book{avriel_1980, place={New York}, title={Advances in geometric programming}, publisher={Plenum Press}, author={Avriel, M.}, year={1980}}

@article{nesterov_nemirovskii_1994, title={Interior-Point Polynomial Algorithms in Convex Programming}, DOI={10.1137/1.9781611970791}, author={Nesterov, Yurii and Nemirovskii, Arkadii}, year={1994}}

@article{kortanek_xu_ye_1997, title={An infeasible interior-point algorithm for solving primal and dual geometric programs}, volume={76}, DOI={10.1007/bf02614382}, number={1}, journal={Mathematical Programming}, author={Kortanek, K. O. and Xu, Xiaojie and Ye, Yinyu}, year={1997}, pages={155–181}}

@book{chiang_2005, place={Boston}, title={Geometric programming for communication systems}, publisher={Now Publishers}, author={Chiang, Mung}, year={2005}} 

@article{boyd_kim_patil_horowitz_2005, title={Digital Circuit Optimization via Geometric Programming}, volume={53}, DOI={10.1287/opre.1050.0254}, number={6}, journal={Operations Research}, author={Boyd, Stephen P. and Kim, Seung-Jean and Patil, Dinesh D. and Horowitz, Mark A.}, year={2005}, pages={899–932}}

@INPROCEEDINGS{hershenson_2004,
author={M. del Mar Hershenson},
booktitle={Proceedings of the 2004 American Control Conference},
title={CMOS analog circuit design via geometric programming},
year={2004},
volume={4},
pages={3266-3271 vol.4},
keywords={CMOS analogue integrated circuits;circuit optimisation;convex programming;geometric programming;integrated circuit design;CMOS analog circuit design;circuit design problem;circuit performance measures;circuit synthesis method;convex optimization problem;geometric programming;polynomial functions},
ISSN={0743-1619},
month={June},}

@article{dawson_boyd_lee_hershenson, title={Optimal allocation of local feedback in multistage amplifiers via geometric programming}, DOI={10.1109/mwscas.2000.951700}, journal={Proceedings of the 43rd IEEE Midwest Symposium on Circuits and Systems (Cat.No.CH37144)}, author={Dawson, J.l. and Boyd, S.p. and Lee, T.h. and Hershenson, M. Del Mar}}

@article{eeckelaert_daems_gielen_sansen_2004, title={Generalized Simulation-Based Posynomial Model Generation for Analog Integrated Circuits}, volume={40}, DOI={10.1023/b:alog.0000034823.86908.04}, number={3}, journal={Analog Integrated Circuits and Signal Processing}, author={Eeckelaert, Tom and Daems, Walter and Gielen, Georges and Sansen, Willy}, year={2004}, pages={193–203}} 

@article{daems_gielen_sansen, title={Simulation-based automatic generation of signomial and posynomial performance models for analog integrated circuit sizing}, DOI={10.1109/iccad.2001.968600}, journal={IEEE/ACM International Conference on Computer Aided Design. ICCAD 2001. IEEE/ACM Digest of Technical Papers (Cat. No.01CH37281)}, author={Daems, W. and Gielen, G. and Sansen, W.}} 

@article{daems_gielen_sansen_2003, title={Simulation-based generation of posynomial performance models for the sizing of analog integrated circuits}, volume={22}, DOI={10.1109/tcad.2003.810742}, number={5}, journal={IEEE Transactions on Computer-Aided Design of Integrated Circuits and Systems}, author={Daems, W. and Gielen, G. and Sansen, W.}, year={2003}, pages={517–534}}

@article{mazumdar_jefferson_1983, title={Maximum Likelihood Estimates for Multinomial Probabilities via Geometric Programming}, volume={70}, DOI={10.2307/2335964}, number={1}, journal={Biometrika}, author={Mazumdar, M. and Jefferson, T. R.}, year={1983}, pages={257}}

@article{wall_greening_woolsey_1986, title={OR Practice—Solving Complex Chemical Equilibria Using a Geometric-Programming Based Technique}, volume={34}, DOI={10.1287/opre.34.3.345}, number={3}, journal={Operations Research}, author={Wall, Thomas Wayne and Greening, Doran and Woolsey, R. E. D.}, year={1986}, pages={345–355}}

@article{greenberg_1995, title={Mathematical Programming Models for Environmental Quality Control}, volume={43}, DOI={10.1287/opre.43.4.578}, number={4}, journal={Operations Research}, author={Greenberg, Harvey J.}, year={1995}, pages={578–622}}

@article{babakhani_lavaei_doyle_hajimiri_2010, title={Finding globally optimum solutions in antenna optimization problems}, DOI={10.1109/aps.2010.5561993}, journal={2010 IEEE Antennas and Propagation Society International Symposium}, author={Babakhani, A and Lavaei, J and Doyle, J C and Hajimiri, A}, year={2010}}

@article{hoburg_abbeel_2014, title={Geometric Programming for Aircraft Design Optimization}, volume={52}, DOI={10.2514/1.j052732}, number={11}, journal={AIAA Journal}, author={Hoburg, Warren and Abbeel, Pieter}, year={2014}, pages={2414–2426}}

@book{ben-tal_ghaoui_nemirovski_2009, place={Princeton}, title={Robust optimization}, publisher={Princeton University Press}, author={Ben-Tal, A. and Ghaoui, Laurent El and Nemirovskiĭ Arkadiĭ Semenovich.}, year={2009}}

@article{hsiung_kim_boyd_2007, title={Tractable approximate robust geometric programming}, volume={9}, DOI={10.1007/s11081-007-9025-z}, number={2}, journal={Optimization and Engineering}, author={Hsiung, Kan-Lin and Kim, Seung-Jean and Boyd, Stephen}, year={2007}, month={Apr}, pages={95–118}}


@article{dantzig_1955, title={Linear Programming under Uncertainty}, volume={1}, DOI={10.1287/mnsc.1.3-4.197}, number={3-4}, journal={Management Science}, author={Dantzig, George B.}, year={1955}, pages={197–206}}

@article{evers_1967, title={A New Model for Stochastic Linear Programming}, volume={13}, DOI={10.1287/mnsc.13.9.680}, number={9}, journal={Management Science}, author={Evers, William H.}, year={1967}, pages={680–693}}

@article{geoffrion_1967, title={Stochastic Programming with Aspiration or Fractile Criteria}, volume={13}, DOI={10.1287/mnsc.13.9.672}, number={9}, journal={Management Science}, author={Geoffrion, Arthur M.}, year={1967}, pages={672–679}}

@article{symonds_1968, title={Chance-Constrained Equivalents of Some Stochastic Programming Problems}, volume={16}, DOI={10.1287/opre.16.6.1152}, number={6}, journal={Operations Research}, author={Symonds, Gifford H.}, year={1968}, pages={1152–1159}}

@article{cocks_1968, title={Discrete Stochastic Programming}, volume={15}, DOI={10.1287/mnsc.15.1.72}, number={1}, journal={Management Science}, author={Cocks, K. D.}, year={1968}, pages={72–79}}

@book{birge_louveaux_2011, place={New York}, title={Introduction to stochastic programming}, publisher={Springer Science}, author={Birge, John R. and Louveaux, F.}, year={2011}}

@book{prékopa_2010, place={Dordrecht}, title={Stochastic programming}, publisher={Kluwer Acad. Publ.}, author={Prékopa, András}, year={2010}}

@article{soyster_1973, title={Technical Note—Convex Programming with Set-Inclusive Constraints and Applications to Inexact Linear Programming}, volume={21}, DOI={10.1287/opre.21.5.1154}, number={5}, journal={Operations Research}, author={Soyster, A. L.}, year={1973}, pages={1154–1157}}

@article{bertsimas_sim_2005, title={Tractable Approximations to Robust Conic Optimization Problems}, journal={Springer-Verlag}, author={Bertsimas, Dimitris and Sim, Melvyn}, year={2005}, month={Dec}}

@article{bandi_bertsimas_2012, title={Tractable stochastic analysis in high dimensions via robust optimization}, volume={134}, DOI={10.1007/s10107-012-0567-2}, number={1}, journal={Mathematical Programming}, author={Bandi, Chaithanya and Bertsimas, Dimitris}, year={2012}, pages={23–70}}

@phdthesis{woodyThesis,
    title    = {Aircraft Design Optimization as a Geometric Program},
    school   = {University of California, Berkeley},
    author   = {Warren Woodrow Hoburg},
    year     = {2013}}
    
@book{bertsimas_tsitsiklis_1997, place={Belmont, MA}, title={Introduction to linear optimization}, publisher={Athena Scientific}, author={Bertsimas, Dimitris and Tsitsiklis, John N.}, year={1997}}

@article{hoburg_kirschen_abbeel_2016, title={Data fitting with geometric-programming-compatible softmax functions}, volume={17}, DOI={10.1007/s11081-016-9332-3}, number={4}, journal={Optimization and Engineering}, author={Hoburg, Warren and Kirschen, Philippe and Abbeel, Pieter}, year={2016}, month={Apr}, pages={897–918}}

@misc{burton_hoburg, title={Solar-Electric and Gas Powered, Long-Endurance UAV Sizing via Geometric Programming}, url={https://doi.org/10.2514/6.2017-4147}, booktitle={18th AIAA/ISSMO Multidisciplinary Analysis and Optimization Conference}, series={AIAA AVIATION Forum}, publisher={American Institute of Aeronautics and Astronautics}, author={Burton, Michael J and Hoburg, Warren W}, year={2017}, month={June}}

@article{o’donoghue_chu_parikh_boyd_2016, title={Conic Optimization via Operator Splitting and Homogeneous Self-Dual Embedding}, volume={169}, DOI={10.1007/s10957-016-0892-3}, number={3}, journal={Journal of Optimization Theory and Applications}, author={O’Donoghue, Brendan and Chu, Eric and Parikh, Neal and Boyd, Stephen}, year={2016}, pages={1042–1068}}

@INPROCEEDINGS{bib:Domahidi2013ecos, 
   author={Domahidi, A. and Chu, E. and Boyd, S.}, 
   booktitle={European Control Conference (ECC)}, 
   title={{ECOS}: {A}n {SOCP} solver for embedded systems}, 
   year={2013}, pages={3071-3076}
}

@techreport{RGPcoNP,
title = "Robust Geometric Programming is co-NP hard",
author = "André Chassein and Marc Goerigk",
year = "2014",
month = "12",
type = "WorkingPaper <importModel: WorkingPaperImportModel>",
}

@article{MARANAS1997351,
title = "Global optimization in generalized geometric programming",
journal = "Computers \& Chemical Engineering",
volume = "21",
number = "4",
pages = "351 - 369",
year = "1997",
issn = "0098-1354",
doi = "https://doi.org/10.1016/S0098-1354(96)00282-7",
url = "http://www.sciencedirect.com/science/article/pii/S0098135496002827",
author = "Costas D. Maranas and Christodoulos A. Floudas",
keywords = "global optimization, generalized geometric programming, signomials, robust stability analysis"
}